@book{Charmaz2006,
  title =        {Constructing Grounded Theory},
  author =       {Kathy Charmaz},
  year =         2006,
  publisher =    {SAGE}
}

@article{DanaherEtAl2017,
  author = {Danaher, John and Hogan, Michael J and Noone, Chris and Kennedy, Rónán and Behan, Anthony and De Paor, Aisling and Felzman, Heike and Haklay, Muki and Khoo, Su-Ming and Morison, John and Murphy, Maria Helen and O'Brolchain, Niall and Schafer, Burkhard and Shankar, Kalpana},
  title = {Algorithmic governance: Developing a research agenda through the power of collective intelligence},
  journal = {Big Data \& Society},
  year = {2017},
  volume = {4}
}

@article{Geiger2017,
  author = {Geiger, R Stuart},
  title = {Beyond opening up the black box: Investigating the role of algorithmic systems in Wikipedian organizational culture},
  journal = {Big Data \& Society},
  year = {2017},
  volume = {4}
}

@inproceedings{GeiRib2011,
  author = {Geiger, R Stuart and Ribes, David},
  title = {Trace Ethnography: Following Coordination through Documentary Practices},
  booktitle = {Proceedings of the 44th Hawaii International Conference on System Sciences},
  year = {2011}
}

@misc{gerrit-abusefilter,
  key =          "Gerrit Repository",
  author =       {Andrew Garret},
  title =        {AbuseFilter Extension Tables},
  year =         2019,
  note =         {Retreived March 9, 2019 from
      \url{https://gerrit.wikimedia.org/r/plugins/gitiles/mediawiki/extensions/AbuseFilter/+/refs/heads/master/abusefilter.tables.sql}}
}

@misc{github,
  key =          "Github Repository",
  author =       {},
  title =        {},
  year =         2019,
  note =         {\url{https://github.com/lusy/wikifilters}}
}

@inproceedings{KieMonHill2016,
  title = {Surviving an eternal September: How an online community managed a surge of newcomers},
  author = {Kiene, Charles and Monroy-Hern{\'a}ndez, Andr{\'e}s and Hill, Benjamin Mako},
  booktitle = {Proceedings of the 2016 CHI Conference on Human Factors in Computing Systems},
  pages = {1152--1156},
  year = {2016},
  organization = {ACM}
}

@book{Lessig2006,
  title =        {Code version 2.0},
  author =       {Lawrence Lessig},
  year =         2006,
  publisher =    {Basic Books}
}

@misc{Mediawiki:AbuseFilterActions,
  key =          "Mediawiki",
  author =       {},
  title =        {Abuse Filter Extension Actions},
  year =         2019,
  note =         {Retreived March 13, 2019 from
                    \url{https://www.mediawiki.org/wiki/Extension:AbuseFilter/Actions}}
}

@inproceedings{MueDoHer2013,
  title={Work-to-rule: the emergence of algorithmic governance in Wikipedia},
  author={M{\"u}ller-Birn, Claudia and Dobusch, Leonhard and Herbsleb, James D},
  booktitle={Proceedings of the 6th International Conference on Communities
  and Technologies},
  pages={80--89},
  year={2013},
  organization={ACM}
}

@article{MuellerBirn2014,
  title = {Bots in Wikipedia: Unfolding Their Duties},
  author = {Mueller-Birn, Claudia and Benjamin, Jesse and Nest, Marisa},
  journal = {unpublished},
  year = {2014}
}

@misc{phabricator,
  key =          "Phabricator",
  author =       {Phabricator Collaboration Platform},
  title =        {Bring back abuse\_filter\_history view},
  year =         2016,
  note =         {Retreived March 9, 2019 from
                  \url{https://phabricator.wikimedia.org/T123978}}
}

@misc{Signpost2009,
  key =          "Signpost",
  author =       {Signpost},
  title =        {Abuse Filter is enabled},
  year =         2009,
  note =         {Retreived February 25, 2019 from
                  \url{https://en.wikipedia.org/wiki/Wikipedia:Wikipedia_Signpost/2009-03-23/Abuse_Filter}}
}

@misc{Wikipedia:EditFilter,
  key =          "Wikipedia Edit Filter",
  author =       {},
  title =        {},
  year =         2019,
  note =         {Retreived February 25, 2019 from
                  \url{https://en.wikipedia.org/wiki/Wikipedia:Edit_filter}}
}

@misc{Wikipedia:EditFilterFalsePositives,
  key =          "Wikipedia Edit Filter Report False Positives",
  author =       {},
  title =        {},
  year =         2019,
  note =         {Retreived March 13, 2019 from
                    \url{https://en.wikipedia.org/wiki/Wikipedia:Edit_filter/False_positives}}
}

@misc{Wikipedia:EditFilterHelper,
  key =          "Wikipedia Edit filter helper",
  author =       {},
  title =        {},
  year =         2019,
  note =         {Retreived March 17, 2019 from
                  \url{https://en.wikipedia.org/wiki/Wikipedia:Edit_filter_helper}}
}

@misc{Wikipedia:EditFilterInstructions,
  key =          "Wikipedia Instructions for Introducing a New Edit Filter",
  author =       {},
  title =        {},
  year =         2019,
  note =         {Retreived March 12, 2019 from
                  \url{https://en.wikipedia.org/wiki/Wikipedia:Edit_filter/Instructions}}
}

@misc{Wikipedia:EditFilterManagement,
  key =          "Wikipedia Edit Filter Management",
  author =       {},
  title =        {},
  year =         2019,
  note =         {Retreived March 12, 2019 from
                  \url{https://en.wikipedia.org/wiki/Special:AbuseFilter}}
}

@misc{Wikipedia:EditFilterNoticeboard,
  key =          "Wikipedia Edit Filter Noticeboard",
  author =       {},
  title =        {},
  year =         2019,
  note =         {Retreived March 12, 2019 from
                  \url{https://en.wikipedia.org/wiki/Wikipedia:Edit_filter_noticeboard}}
}

@misc{Wikipedia:EditFilterRequested,
  key =          "Wikipedia Requesting New Edit Filters",
  author =       {},
  title =        {},
  year =         2019,
  note =         {Retreived March 12, 2019 from
                  \url{https://en.wikipedia.org/wiki/Wikipedia:Edit_filter/Requested}}
}

@Misc{CHINOSAUR:venue,
  author =       {@\_CHINOSAUR},
  key =          {_CHINOSAUR},
  howpublished = {Tweet},
  title =        {"VENUE IS TOO COLD" \#BINGO \#CHI2014},
  month =        {May},
  day =          1,
  year =         2014,
  note =         {Retrieved Febuary 2, 2015 from
                  \url{https://twitter.com/_CHINOSAUR/status/461864317415989248}},
  annote =       {Tweet}
}

@misc{supermetroid:snes,
	Address = {Kyoto, Japan},
	Author = {{Nintendo R\&D1} and {Intelligent Systems}},
	Day = {18},
	Howpublished = {Game [SNES]},
	Month = {April},
	Note = {Nintendo, Kyoto, Japan. Played August 2011.},
	Publisher = {Nintendo},
	Title = {\emph{Super Metroid}},
	Year = {1994}
}

@inproceedings{Klemmer:2002:WSC:503376.503378,
  author =       {Klemmer, Scott R. and Thomsen, Michael and
                  Phelps-Goodman, Ethan and Lee, Robert and Landay,
                  James A.},
  title =        {Where Do Web Sites Come from?: Capturing and
                  Interacting with Design History},
  booktitle =    {Proceedings of the SIGCHI Conference on Human
                  Factors in Computing Systems},
  series =       {CHI '02},
  year =         2002,
  isbn =         {1-58113-453-3},
  location =     {Minneapolis, Minnesota, USA},
  pages =        {1--8},
  url =          {http://doi.acm.org/10.1145/503376.503378},
  doi =          {10.1145/503376.503378},
  acmid =        503378,
  publisher =    {ACM},
  address =      {New York, NY, USA},
  keywords =     {CSCW, activity capture, design rationale, history
                  management, informal interfaces, sketching, tangible
                  UI, web design},
}

@inproceedings{Mather:2000:MUT,
  title =        {Making up titles for conference papers},
  author =       {Mather, B. D.},
  booktitle =    {Ext. Abstracts CHI 2000},
  year =         2000,
  publisher =    "ACM Press",
  pages =        "1-2",
}

@inproceedings{Zellweger:2001:FAO:504216.504224,
  author =       {Zellweger, Polle T. and Bouvin, Niels Olof and
                  Jeh{\o}j, Henning and Mackinlay, Jock D.},
  title =        {Fluid annotations in an open world},
  booktitle =    {Proc. Hypertext 2001},
  year =         2001,
  pages =        {9--18},
  publisher =    {ACM Press},
}

@misc{acm_categories,
  key =          "ACM",
  author =       {ACM},
  title =        {How to Classify Works Using ACM's Computing
                  Classification System},
  year =         1998,
  note =         {\url{http://www.acm.org/class/how_to_use.html}},
}

@Misc{cavender:writing,
  author =       {Anna Cavender and Shari Trewin and Vicki Hanson},
  title =        {Accessible Writing Guide},
  year =         2014,
  day =          22,
  note =
                  {\url{http://www.sigaccess.org/welcome-to-sigaccess/resources/accessible-writing-guide/}},
  annote =       {URL}
}

@article{ethics,
  title =        {{Social Impacts of Computing: Codes of Professional
                  Ethics}},
  author =       {R. E. Anderson},
  doi =          "10.1177/089443939201000402",
  journal =      "Social Science Computer Review December",
  year =         1992,
  volume =       10,
  number =       4,
  pages =        "453-469"
}

@Misc{heilig:sensorama,
  author =       {Morton L. Heilig},
  title =        {Sensorama Simulator},
  howpublished = {U.S. Patent 3,050,870},
  month =        {August},
  day =          28,
  year =         1962,
  note =         {Filed Februrary 22, 1962.},
  annote =       {is this right?}
},

@article{kaye:puc,
  year =         2014,
  issn =         {1617-4909},
  journal =      {Personal and Ubiquitous Computing},
  volume =       18,
  number =       4,
  doi =          {10.1007/s00779-014-0773-4},
  title =        {Special issue on science fiction and ubiquitous
                  computing},
  url =          {http://dx.doi.org/10.1007/s00779-014-0773-4},
  publisher =    {Springer London},
  author =       {Kaye, Jofish and Dourish, Paul},
  pages =        {765-766},
  language =     {English}
}

@Misc{psy:gangnam,
  author =       {Psy},
  title =        {Gangnam Style},
  howpublished = {Video},
  month =        {July},
  day =          15,
  year =         2012,
  note =         {Retrieved August 22, 2014 from
                  \url{https://www.youtube.com/watch?v=9bZkp7q19f0}},
  annote =       {Video URL}
}

@PhdThesis{sutherland:sketchpad,
  author =       {Ivan E. Sutherland},
  title =        {Sketchpad, a Man-Machine Graphical Communication
                  System},
  school =       {Massachusetts Institute of Technology},
  year =         1963,
  address =      {Cambridge, MA},
}

@InBook{winner:politics,
  author =       {Langdon Winner},
  title =        {The Social Shaping of Technology},
  chapter =      {Do artifacts have politics?},
  publisher =    {Open University Press},
  year =         1999,
  address =      {UK},
  edition =      {2nd},
  pages =        {28--40},
}
