@incollection{Geiger2011,
  author = {Geiger, R. Stuart},
  title = {The Lives of Bots},
  booktitle = {Critical point of view. A Wikipedia Reader},
  editor = {Lovink, Geert W. and Tkacz, Nathaniel},
  publisher = {Institute of Network Cultures},
  address = {Amsterdam},
  year = {2011}
}

@inproceedings{WulThaDix2017,
  title = {Ex machina: Personal attacks seen at scale},
  author = {Wulczyn, Ellery and Thain, Nithum and Dixon, Lucas},
  booktitle = {Proceedings of the 26th International Conference on World Wide Web},
  pages = {1391--1399},
  year = {2017},
  organization = {International World Wide Web Conferences Steering Committee}
}

