@article{AstHal2018,
  title = {With Few Eyes, All Hoaxes are Deep},
  author = {Asthana, Sumit and Halfaker, Aaron},
  journal = {Proceedings of the ACM on Human-Computer Interaction},
  volume = {2},
  number = {CSCW},
  pages = {21},
  year = {2018},
  publisher = {ACM},
  note = {\url{http://delivery.acm.org/10.1145/3280000/3274290/cscw021-asthana.pdf}}
}

@book{Charmaz2006,
  title =        {Constructing Grounded Theory},
  author =       {Kathy Charmaz},
  year =         2006,
  publisher =    {SAGE},
  note = {\url{http://www.sxf.uevora.pt/wp-content/uploads/2013/03/Charmaz_2006.pdf}}
}

@article{DanaherEtAl2017,
  author = {Danaher, John and Hogan, Michael J and Noone, Chris and Kennedy, Rónán and Behan, Anthony and De Paor, Aisling and Felzman, Heike and Haklay, Muki and Khoo, Su-Ming and Morison, John and Murphy, Maria Helen and O'Brolchain, Niall and Schafer, Burkhard and Shankar, Kalpana},
  title = {Algorithmic governance: Developing a research agenda through the power of collective intelligence},
  journal = {Big Data \& Society},
  year = {2017},
  volume = {4},
  note = {\url{https://journals.sagepub.com/doi/pdf/10.1177/2053951717726554}}
}

@inproceedings{ForGei2012,
  title = {Writing up rather than writing down: Becoming Wikipedia literate},
  author = {Ford, Heather and Geiger, R Stuart},
  booktitle = {Proceedings of the Eighth Annual International Symposium on Wikis and Open Collaboration},
  pages = {16},
  year = {2012},
  organization = {ACM},
  note = {\url{http://www.stuartgeiger.com/writing-up-wikisym.pdf}}
}

@misc{Geertz1973,
  title = {Thick description: Toward an interpretive theory of culture},
  author = {Geertz, Clifford},
  year = {1973},
  publisher = {Basic Books}
}

@inproceedings{Geiger2009,
  title = {The social roles of bots and assisted editing programs},
  author = {Geiger, R Stuart},
  booktitle = {Int. Sym. Wikis},
  year = {2009},
  note = {\url{http://www.stuartgeiger.com/papers/geiger-wikisym-bots.pdf}}
}

@incollection{Geiger2011,
  author = {Geiger, R. Stuart},
  title = {The Lives of Bots},
  booktitle = {Critical point of view. A Wikipedia Reader},
  editor = {Lovink, Geert W. and Tkacz, Nathaniel},
  publisher = {Institute of Network Cultures},
  address = {Amsterdam},
  year = {2011},
  pages = {78--93},
  note = {\url{https://www.networkcultures.org/_uploads/%237reader_Wikipedia.pdf}}
}

@article{Geiger2014,
  author = {Geiger, R Stuart},
  title = {Bots, bespoke code and the materiality of software platforms},
  journal = {Information, Communication \& Society},
  year = {2014},
  volume = {17},
  note = {\url{http://stuartgeiger.com/bespoke-code-ics.pdf}}
}

@article{Geiger2017,
  author = {Geiger, R Stuart},
  title = {Beyond opening up the black box: Investigating the role of algorithmic systems in Wikipedian organizational culture},
  journal = {Big Data \& Society},
  year = {2017},
  volume = {4},
  note = {\url{http://stuartgeiger.com/algoculture-bds.pdf}}
}

@inproceedings{GeiHal2013,
  title = {When the levee breaks: without bots, what happens to Wikipedia's quality control processes?},
  author = {Geiger, R Stuart and Halfaker, Aaron},
  booktitle = {Proceedings of the 9th International Symposium on Open Collaboration},
  pages = {6},
  year = {2013},
  organization = {ACM},
  note = {\url{http://stuartgeiger.com/wikisym13-cluebot.pdf}}
}

@article{GeiHal2017,
  author = {Geiger, R Stuart and Halfaker, Aaron},
  title = {Operationalizing Conflict and Cooperation between Automated Software Agents in Wikipedia: A Replication and Expansion of “Even Good Bots Fight”},
  journal = {unpublished},
  year = {2017},
  note = {\url{https://upload.wikimedia.org/wikipedia/commons/f/f4/Operationalizing-conflict-bots-wikipedia-cscw-preprint.pdf}}
}

@inproceedings{GeiRib2010,
  title = {The work of sustaining order in Wikipedia: the banning of a vandal},
  author = {Geiger, R Stuart and Ribes, David},
  booktitle = {Proceedings of the 2010 ACM conference on Computer supported cooperative work},
  pages = {117--126},
  year = {2010},
  organization = {ACM},
  note = {\url{http://www.stuartgeiger.com/papers/cscw-sustaining-order-wikipedia.pdf}}
}

@inproceedings{GeiRib2011,
  author = {Geiger, R Stuart and Ribes, David},
  title = {Trace Ethnography: Following Coordination through Documentary Practices},
  booktitle = {Proceedings of the 44th Hawaii International Conference on System Sciences},
  year = {2011},
  note = {\url{http://www.stuartgeiger.com/trace-ethnography-hicss-geiger-ribes.pdf}}
}

@misc{gerrit-abusefilter-source,
  key =          "Gerrit Repository",
  author =       {Andrew Garret},
  title =        {AbuseFilter Extension Source Code},
  year =         2019,
  note =         {Retreived July 3, 2019 from
      \url{https://gerrit.wikimedia.org/r/plugins/gitiles/mediawiki/extensions/AbuseFilter/+/refs/heads/master}}
}

@misc{gerrit-abusefilter-tables,
  key =          "Gerrit Repository",
  author =       {Andrew Garret},
  title =        {AbuseFilter Extension Tables},
  year =         2019,
  note =         {Retreived March 9, 2019 from
      \url{https://gerrit.wikimedia.org/r/plugins/gitiles/mediawiki/extensions/AbuseFilter/+/refs/heads/master/abusefilter.tables.sql}}
}

@misc{gerrit-tables-replication,
  key =          "Gerrit Repository",
  author =       {Lyudmila Vaseva},
  title =        {AbuseFilter Patch to Database Replication Scripts Renewing the Public Dump of abuse\_filter\_history table},
  year =         2019,
  note =         {Retreived July 19, 2019 from
      \url{https://gerrit.wikimedia.org/r/#/c/operations/puppet/+/498773/}}
}

@misc{github,
  key =          "Github Repository",
  author =       {},
  title =        {Github Repository of the thesis},
  year =         2019,
  note =         {\url{https://github.com/lusy/wikifilters}}
}

@article{HalGeiMorRied2013,
  title = {The rise and decline of an open collaboration system: How Wikipedia’s reaction to popularity is causing its decline},
  author = {Halfaker, Aaron and Geiger, R Stuart and Morgan, Jonathan T and Riedl, John},
  journal = {American Behavioral Scientist},
  volume = {57},
  number = {5},
  pages = {664--688},
  year = {2013},
  publisher = {Sage Publications Sage CA: Los Angeles, CA},
  note = {\url{https://stuartgeiger.com/papers/abs-rise-and-decline-wikipedia.pdf}}
}

@article{HalGeiMorSarWig2018,
  title = {ORES: Facilitating re-mediation of Wikipedia’s socio-technical problems},
  author = {Halfaker, Aaron and Geiger, R Stuart and Morgan, Jonathan T and Sarabadani, Amir and Wight, Adam},
  year = {2018},
  journal = {unpublished},
  note = {\url{https://upload.wikimedia.org/wikipedia/commons/4/48/ORES_-_Facilitating_re-mediation_of_Wikipedia%27s_socio-technical_problems.pdf}}
}

@inproceedings{HalKitRied2011,
  title = {Don't bite the newbies: how reverts affect the quantity and quality of Wikipedia work},
  author = {Halfaker, Aaron and Kittur, Aniket and Riedl, John},
  booktitle = {Proceedings of the 7th international symposium on wikis and open collaboration},
  pages = {163--172},
  year = {2011},
  organization = {ACM},
  note = {\url{https://www-users.cs.umn.edu/~halfaker/publications/Don't_Bite_the_Newbies/halfaker11bite-personal.pdf}}
}

@article{HalRied2012,
  title = {Bots and cyborgs: Wikipedia's immune system},
  author = {Halfaker, Aaron and Riedl, John},
  journal = {Computer},
  volume = {45},
  number = {3},
  pages = {79--82},
  year = {2012},
  publisher = {IEEE},
  note = {\url{http://stuartgeiger.com/bots-cyborgs-halfaker.pdf}}
}

@misc{HalTar2015,
  key = "ORES Paper",
  author = {Halfaker, Aaron and Taraborelli, Dario},
  title = {Artificial intelligence service “ORES” gives Wikipedians X-ray specs to see through bad edits},
  year = 2015,
  note = {Retreived March 25, 2019 from
      \url{https://blog.wikimedia.org/2015/11/30/artificial-intelligence-x-ray-specs/}}
}

@inproceedings{KieMonHill2016,
  title = {Surviving an eternal September: How an online community managed a surge of newcomers},
  author = {Kiene, Charles and Monroy-Hern{\'a}ndez, Andr{\'e}s and Hill, Benjamin Mako},
  booktitle = {Proceedings of the 2016 CHI Conference on Human Factors in Computing Systems},
  pages = {1152--1156},
  year = {2016},
  organization = {ACM},
  note = {\url{https://dl.acm.org/citation.cfm?doid=2858036.2858356}}
}

@article{KitChiBrySuhMyt2007,
  title = {Power of the few vs. wisdom of the crowd: Wikipedia and the rise of the bourgeoisie},
  author = {Kittur, Aniket and Chi, Ed and Pendleton, Bryan A and Suh, Bongwon and Mytkowicz, Todd},
  journal = {World wide web},
  volume = {1},
  number = {2},
  pages = {19},
  year = {2007},
  note = {\url{https://www.researchgate.net/profile/Bongwon_Suh/publication/200772541_Power_of_the_Few_vs_Wisdom_of_the_Crowd_Wikipedia_and_the_Rise_of_the_Bourgeoisie/links/53d1e6220cf2a7fbb2e95533.pdf}}
}

@incollection{LazFenHo2017,
  booktitle = {Research methods in human-computer interaction},
  title = {Chapter 11: Analyzing qualitative data},
  author = {Lazar, Jonathan and Feng, Jinjuan Heidi and Hochheiser, Harry},
  year = {2017},
  pages = {299--328},
  publisher = {Morgan Kaufmann},
  note = {\url{https://books.google.de/books?hl=de&lr=&id=hbkxDQAAQBAJ&oi=fnd&pg=PP1&dq=Research+methods+in+human-computer+interaction+Lazar&ots=Sp721bZa7O&sig=3uBLXXjw8lALjAOHbGyPm3vSHn8#v=onepage&q=Research%20methods%20in%20human-computer%20interaction%20Lazar&f=false}}
}

@book{Lessig2006,
  title =        {Code version 2.0},
  author =       {Lawrence Lessig},
  year =         2006,
  publisher =    {Basic Books},
  note = {\url{http://codev2.cc/download+remix/Lessig-Codev2.pdf}}
}

@article{Livingstone2016,
  title = {Population automation: An interview with Wikipedia bot pioneer Ram-Man},
  author = {Livingstone, Randall M},
  journal = {First Monday},
  volume = {21},
  number = {1},
  year = {2016},
  note = {\url{https://firstmonday.org/ojs/index.php/fm/article/view/6027/5189}}
}

@misc{Mediawiki:AbuseFilterActions,
  key =          "Mediawiki",
  author =       {},
  title =        {Abuse Filter Extension Actions},
  year =         2019,
  note =         {Retreived March 13, 2019 from
                    \url{https://www.mediawiki.org/w/index.php?title=Extension:AbuseFilter/Actions&oldid=3095920}}
}

@misc{Mediawiki:AbuseFilterExtension,
  key =          "Mediawiki",
  author =       {},
  title =        {Abuse Filter Extension Documentation},
  year =         2019,
  note =         {Retreived July 3, 2019 from
                    \url{https://www.mediawiki.org/w/index.php?title=Extension:AbuseFilter&oldid=3270512}}
}

@misc{Mediawiki:AbuseFilterRules,
  key =          "Mediawiki",
  author =       {},
  title =        {Abuse Filter Extension Rules Format},
  year =         2019,
  note =         {Retreived July 3, 2019 from
                    \url{https://www.mediawiki.org/w/index.php?title=Extension:AbuseFilter/Rules_format&oldid=3240087}}
}

@misc{Mediawiki:SpamBlacklist,
  key =          "Mediawiki Spam Blacklist",
  author =       {},
  title =        {Mediawiki: Spam Blacklist},
  year =         2019,
  note =         {Retreived July 1, 2019 from
                    \url{https://en.wikipedia.org/w/index.php?title=MediaWiki:Spam-blacklist&oldid=904319854}}
}

@misc{Mediawiki:TitleBlacklist,
  key =          "Mediawiki Title Blacklist",
  author =       {},
  title =        {Mediawiki: Title Blacklist},
  year =         2019,
  note =         {Retreived July 1, 2019 from
                    \url{https://en.wikipedia.org/w/index.php?title=MediaWiki:Titleblacklist&oldid=904314604}}
}

@inproceedings{MueDoHer2013,
  title = {Work-to-rule: the emergence of algorithmic governance in Wikipedia},
  author = {M{\"u}ller-Birn, Claudia and Dobusch, Leonhard and Herbsleb, James D},
  booktitle = {Proceedings of the 6th International Conference on Communities and Technologies},
  pages = {80--89},
  year = {2013},
  organization = {ACM},
  note = {\url{http://www.dobusch.net/pub/uni/MuellerBirn-Dobusch-Herbsleb(2013)Work-to-Rule.pdf}}
}

@article{MuellerBirn2014,
  title = {Bots in Wikipedia: Unfolding Their Duties},
  author = {Mueller-Birn, Claudia and Benjamin, Jesse and Nest, Marisa},
  journal = {unpublished},
  year = {2014}
}

@misc{ORES,
  key =          "ORES",
  author =       {},
  title =        {ORES Homepage},
  year =         2019,
  note =         {Retreived July 16, 2019 from
                    \url{https://ores.wmflabs.org/}}
}

@misc{phabricator,
  key =          "Phabricator",
  author =       {Phabricator Collaboration Platform},
  title =        {Bring back abuse\_filter\_history view},
  year =         2016,
  note =         {Retreived March 9, 2019 from
                  \url{https://phabricator.wikimedia.org/T123978}}
}

@misc{phab-abusefilter-2015,
  key =          "Phabricator",
  author =       {Phabricator Collaboration Platform},
  title =        {AbuseFilter Extension Issues Created in the Period May 2015–May 2016},
  year =         2016,
  note =         {Retreived July 20, 2019 from
                  \url{https://phabricator.wikimedia.org/project/board/217/query/T4UBDo9V4u1n/}}
}

@inproceedings{PotSteGer2008,
  title = {Automatic Vandalism Detection in Wikipedia},
  author = {Martin Potthast and Benno Stein and Robert Gerling},
  booktitle = {ECIR},
  year = {2008},
  note = {\url{https://webis.de/downloads/publications/papers/stein_2008c.pdf}}
}

@misc{Signpost2009,
  key =          "Signpost",
  author =       {Signpost},
  title =        {Abuse Filter is enabled},
  year =         2009,
  note =         {Retreived February 25, 2019 from
                  \url{https://en.wikipedia.org/w/index.php?title=Wikipedia:Wikipedia_Signpost/2009-03-23/Abuse_Filter&oldid=878994386}}
}

@inproceedings{WestKanLee2010,
  title = {Stiki: an anti-vandalism tool for Wikipedia using spatio-temporal analysis of revision metadata},
  author = {West, Andrew G and Kannan, Sampath and Lee, Insup},
  booktitle = {Proceedings of the 6th International Symposium on Wikis and Open Collaboration},
  pages = {32},
  year = {2010},
  organization = {ACM},
  note = {\url{https://repository.upenn.edu/cgi/viewcontent.cgi?article=1490&context=cis_papers}}
}

@misc{Wikimedia:Toolforge,
  key =          "Wikimedia Toolforge",
  author =       {},
  title =        {Wikimedia: Toolforge},
  year =         2019,
  note =         {Retreived July 17, 2019 from
                     \url{https://wikitech.wikimedia.org/w/index.php?title=Help:Toolforge/Database&oldid=1830228}}
}

@misc{Wikipedia:AbuseLog,
  key =          "Wikipedia AbuseLog",
  author =       {},
  title =        {Wikipedia: AbuseLog},
  year =         2019,
  note =         {Retreived July 12, 2019 from
                     \url{https://en.wikipedia.org/wiki/Special:AbuseLog}}
}

@misc{Wikipedia:AbuseFilterHistory,
  key =          "Wikipedia Recent Filter Changes",
  author =       {},
  title =        {Wikipedia: Recent Filter Changes},
  year =         2019,
  note =         {Retreived July 17, 2019 from
                     \url{https://en.wikipedia.org/wiki/Special:AbuseFilter/history}}
}

@misc{Wikipedia:AIV,
  key =          "Wikipedia Administrator Intervention against Vandalism",
  author =       {},
  title =        {Wikipedia: Administrator Intervention against Vandalism},
  year =         2019,
  note =         {Retreived April 11, 2019 from
                  \url{https://en.wikipedia.org/w/index.php?title=Wikipedia:Administrator_intervention_against_vandalism&oldid=891917401}}
}

@misc{Wikipedia:AntiVandalBot,
  key =          "Wikipedia AntiVandalBot",
  author =       {},
  title =        {Wikipedia: AntiVandalBot},
  year =         2019,
  note =         {Retreived July 16, 2019 from
                  \url{https://en.wikipedia.org/w/index.php?title=User:AntiVandalBot&oldid=647615013}}
}

@misc{Wikipedia:ArticleFeedback,
  key =          "Wikipedia Article Feedback",
  author =       {},
  title =        {Wikipedia: Article Feedback v5},
  year =         2019,
  note =         {Retreived July 3, 2019 from
                  \url{https://www.mediawiki.org/w/index.php?title=Extension:ArticleFeedbackv5&oldid=3136840}}
}

@misc{Wikipedia:BotOperators,
  key =          "Wikipedia Bot Operators",
  author =       {},
  title =        {Wikipedia: Bot Operators Category},
  year =         2019,
  note =         {Retreived July 5, 2019 from
                  \url{https://en.wikipedia.org/w/index.php?title=Category:Wikipedia_bot_operators&oldid=833970789}}
}

@misc{Wikipedia:ClueBot,
  key =          "Wikipedia ClueBot",
  author =       {},
  title =        {Wikipedia: ClueBot},
  year =         2019,
  note =         {Retreived July 16, 2019 from
                    \url{https://en.wikipedia.org/w/index.php?title=Wikipedia:Bots/Requests_for_approval/ClueBot&oldid=891685765}}
}

@misc{Wikipedia:ClueBotNG,
  key =          "Wikipedia ClueBotNG",
  author =       {},
  title =        {Wikipedia: ClueBot NG},
  year =         2019,
  note =         {Retreived July 16, 2019 from
                    \url{https://en.wikipedia.org/w/index.php?title=User:ClueBot_NG&oldid=391868393}}
}

@misc{Wikipedia:GoodFaith,
  key =          "Wikipedia Assume Good Faith",
  author =       {},
  title =        {Wikipedia: Assume Good Faith},
  year =         2019,
  note =         {Retreived March 26, 2019 from
                  \url{https://en.wikipedia.org/w/index.php?title=Wikipedia:Assume_good_faith&oldid=889253693}}
}

@misc{Wikipedia:DatBot,
  key =          "Wikipedia DatBot",
  author =       {},
  title =        {Wikipedia: DatBot},
  year =         2019,
  note =         {Retreived June 12, 2019 from
                  \url{https://en.wikipedia.org/w/index.php?title=User:DatBot&oldid=900858894}}
}

@misc{Wikipedia:DisruptiveEditing,
  key =          "Wikipedia Disruptive Editing",
  author =       {},
  title =        {Wikipedia: Disruptive Editing},
  year =         2019,
  note =         {Retreived April 4, 2019 from
                  \url{https://en.wikipedia.org/w/index.php?title=Wikipedia:Disruptive_editing&oldid=890252189}}
}

@misc{Wikipedia:DumbBOT,
  key =          "Wikipedia DumbBOT",
  author =       {},
  title =        {Wikipedia: DumbBOT},
  year =         2019,
  note =         {Retreived July 16, 2019 from
                  \url{https://en.wikipedia.org/w/index.php?title=User:DumbBOT&oldid=794414317}}
}

@misc{Wikipedia:EditFilter,
  key =          "Wikipedia Edit Filter",
  author =       {},
  title =        {Wikipedia: Edit Filter},
  year =         2019,
  note =         {Retreived February 25, 2019 from
                  \url{https://en.wikipedia.org/w/index.php?title=Wikipedia:Edit_filter&oldid=877829572}}
}

@misc{Wikipedia:EditFilterDE,
  key =          "Wikipedia Edit Filter DE",
  author =       {},
  title =        {German Wikipedia: Edit Filter},
  year =         2019,
  note =         {Retreived July 17, 2019 from
                  \url{https://de.wikipedia.org/w/index.php?title=Wikipedia:Bearbeitungsfilter&oldid=188476517}}
}

@misc{Wikipedia:EditFilterES,
  key =          "Wikipedia Edit Filter ES",
  author =       {},
  title =        {Spanish Wikipedia: Edit Filter},
  year =         2019,
  note =         {Retreived July 17, 2019 from
                  \url{https://es.wikipedia.org/w/index.php?title=Wikipedia:Filtro_de_ediciones&oldid=104083930}}
}

@misc{Wikipedia:EditFilterRU,
  key =          "Wikipedia Edit Filter RU",
  author =       {},
  title =        {Russian Wikipedia: Edit Filter},
  year =         2019,
  note =         {Retreived July 17, 2019 from
                  \url{https://ru.wikipedia.org/w/index.php?title=%D0%92%D0%B8%D0%BA%D0%B8%D0%BF%D0%B5%D0%B4%D0%B8%D1%8F:%D0%A4%D0%B8%D0%BB%D1%8C%D1%82%D1%80_%D0%BF%D1%80%D0%B0%D0%B2%D0%BE%D0%BA&oldid=100429471}}
}

@misc{Wikipedia:EditFilter365,
  key =          "Wikipedia Edit Filter 365 Detailed Page",
  author =       {},
  title =        {Wikipedia: Edit Filter 365 Detailed Page},
  year =         2019,
  note =         {Retreived July 12, 2019 from
                  \url{https://en.wikipedia.org/wiki/Special:AbuseFilter/365}}
}

@misc{Wikipedia:EditFilterDocumentation,
  key =          "Wikipedia Edit Filter Documentation",
  author =       {},
  title =        {Wikipedia: Edit Filter Documentation},
  year =         2019,
  note =         {Retreived April 25, 2019 from
                  \url{https://en.wikipedia.org/w/index.php?title=Wikipedia:Edit_filter/Documentation&oldid=879787821}}
}

@misc{Wikipedia:EditFilterFalsePositives,
  key =          "Wikipedia Edit Filter Report False Positives",
  author =       {},
  title =        {Wikipedia: Edit Filter Report False Positives},
  year =         2019,
  note =         {Retreived March 13, 2019 from
                    \url{https://en.wikipedia.org/w/index.php?title=Wikipedia:Edit_filter/False_positives&oldid=879367604}}
}

@misc{Wikipedia:EditFilterHelper,
  key =          "Wikipedia Edit filter helper",
  author =       {},
  title =        {Wikipedia: Edit filter helper},
  year =         2019,
  note =         {Retreived March 17, 2019 from
                  \url{https://en.wikipedia.org/w/index.php?title=Wikipedia:Edit_filter_helper&oldid=878127027}}
}

@misc{Wikipedia:EditFilterInstructions,
  key =          "Wikipedia Instructions for Introducing a New Edit Filter",
  author =       {},
  title =        {Wikipedia: Instructions for Introducing a New Edit Filter},
  year =         2019,
  note =         {Retreived March 12, 2019 from
                  \url{https://en.wikipedia.org/w/index.php?title=Wikipedia:Edit_filter/Instructions&oldid=844579470}}
}

@misc{Wikipedia:EditFilterManagement,
  key =          "Wikipedia Edit Filter Management",
  author =       {},
  title =        {Wikipedia: Edit Filter Management},
  year =         2019,
  note =         {Retreived March 12, 2019 from
                  \url{https://en.wikipedia.org/wiki/Special:AbuseFilter}}
}

@misc{Wikipedia:EditFilterNoticeboard,
  key =          "Wikipedia Edit Filter Noticeboard",
  author =       {},
  title =        {Wikipedia: Edit Filter Noticeboard},
  year =         2019,
  note =         {Retreived March 12, 2019 from
                  \url{https://en.wikipedia.org/w/index.php?title=Wikipedia:Edit_filter_noticeboard&oldid=887086700}}
}

@misc{Wikipedia:EditFilterNoticeboardHarassment,
  key =          "Wikipedia Edit Filter Noticeboard Harassment",
  author =       {},
  title =        {Wikipedia: Edit Filter Used for Combating Harassment},
  year =         2019,
  note =         {Retreived June 6, 2019 from
                  \url{https://en.wikipedia.org/w/index.php?title=Wikipedia:Edit_filter_noticeboard/Archive_2&oldid=803551337#Exploring_how_the_Edit_filter_can_be_used_to_combat_harassment}}
}

@misc{Wikipedia:EditFilterRequested,
  key =          "Wikipedia Requesting New Edit Filters",
  author =       {},
  title =        {Wikipedia: Requesting New Edit Filters},
  year =         2019,
  note =         {Retreived March 12, 2019 from
                  \url{https://en.wikipedia.org/w/index.php?title=Wikipedia:Edit_filter/Requested&oldid=871023624}}
}

@misc{Wikipedia:EditFilterTalkArchive1,
  key =          "Wikipedia Edit Filter Talk Archive 1",
  author =       {},
  title =        {Wikipedia: Edit Filter Talk Archive 1},
  year =         2019,
  note =         {Retreived May 22, 2019 from
                    \url{https://en.wikipedia.org/w/index.php?title=Wikipedia_talk:Edit_filter/Archive_1&oldid=884572675}}
}

@misc{Wikipedia:EditFilterTalkArchive2016,
  key =          "Wikipedia Edit Filter Talk Archive 2016",
  author =       {},
  title =        {Wikipedia: Edit Filter Talk Archive for 2015–2016},
  year =         2019,
  note =         {Retreived July 20, 2019 from
                    \url{https://en.wikipedia.org/w/index.php?title=Wikipedia_talk:Edit_filter/Archive_7&oldid=901909123}}
}

@misc{Wikipedia:EditFilterTalkArchive1Clarification,
  key =          "Wikipedia Edit Filter Talk Archive 1 Clarification",
  author =       {},
  title =        {Wikipedia: Edit Filter Talk Archive 1 Clarification},
  year =         2019,
  note =         {Retreived May 22, 2019 from
                    \url{https://en.wikipedia.org/w/index.php?title=Wikipedia_talk:Edit_filter/Archive_1&oldid=884572675#Clarification}}
}

@misc{Wikipedia:EditFilterTalkArchiveNameChange,
  key =          "Wikipedia Edit Filter Talk Archive Name Change",
  author =       {},
  title =        {Wikipedia: Edit Filter Talk Archive Name Change},
  year =         2019,
  note =         {Retreived April 25, 2019 from
                    \url{https://en.wikipedia.org/w/index.php?title=Wikipedia_talk:Edit_filter/Archive_3&oldid=883700704#Request_for_name_change}}
}

@misc{Wikipedia:EmausBot,
  key =          "Wikipedia EmausBot",
  author =       {},
  title =        {Wikipedia: EmausBot},
  year =         2019,
  note =         {Retreived July 16, 2019 from
                  \url{https://en.wikipedia.org/w/index.php?title=User:EmausBot&oldid=876175163}}
}

@misc{Wikipedia:FAQCategory,
  key =          "Wikipedia FAQ Category",
  author =       {},
  title =        {Wikipedia: FAQ Why might a category list not be up to date},
  year =         2019,
  note =         {Retreived July 5, 2019 from
                  \url{https://en.wikipedia.org/w/index.php?title=Wikipedia:FAQ/Categorization&oldid=887018121#Why_might_a_category_list_not_be_up_to_date?}}
}

@misc{Wikipedia:HBCAIVHelperbot,
  key =          "Wikipedia HBC AIV Helperbot",
  author =       {},
  title =        {Wikipedia: HBC AIV Helperbot},
  year =         2019,
  note =         {Retreived July 16, 2019 from
                    \url{https://en.wikipedia.org/w/index.php?title=User:HBC_AIV_helperbot&oldid=794414856}}
}

@misc{Wikipedia:Huggle,
  key =          "Wikipedia Huggle Tool",
  author =       {},
  title =        {Wikipedia: Huggle Tool},
  year =         2019,
  note =         {Retreived July 7, 2019 from
                    \url{https://en.wikipedia.org/w/index.php?title=Wikipedia:Huggle&oldid=890902601}}
}

@misc{Wikipedia:LupinAntiVandal,
  key =          "Wikipedia Lupin's Anti-Vandal Tool",
  author =       {},
  title =        {Wikipedia: Lupin's Anti-Vandal Tool},
  year =         2019,
  note =         {Retreived July 7, 2019 from
                    \url{https://en.wikipedia.org/w/index.php?title=User:Lupin/Anti-vandal_tool&oldid=892557860}}
}

@misc{Wikipedia:MartinBot,
  key =          "Wikipedia MartinBot",
  author =       {},
  title =        {Wikipedia: MartinBot},
  year =         2019,
  note =         {Retreived July 16, 2019 from
                    \url{https://en.wikipedia.org/w/index.php?title=User:MartinBot&oldid=873666125}}
}

@misc{Wikipedia:MrZBot,
  key =          "Wikipedia Mr.Z Bot",
  author =       {},
  title =        {Wikipedia: Mr.Z-bot},
  year =         2019,
  note =         {Retreived July 7, 2019 from
                    \url{https://en.wikipedia.org/w/index.php?title=User:Mr.Z-bot&oldid=898492130}}
}

@misc{Wikipedia:MusikBotAbuseFilterIRC,
  key =          "Wikipedia MusikBot AbuseFilterIRC",
  author =       {},
  title =        {Wikipedia: MusikBot AbuseFilterIRC Task},
  year =         2019,
  note =         {Retreived July 3, 2019 from
                    \url{https://en.wikipedia.org/w/index.php?title=User:MusikBot/AbuseFilterIRC&oldid=885138803}}
}

@misc{Wikipedia:MusikBotFilterMonitor,
  key =          "Wikipedia MusikBot FilterMonitor",
  author =       {},
  title =        {Wikipedia: MusikBot FilterMonitor Task},
  year =         2019,
  note =         {Retreived July 3, 2019 from
                    \url{https://en.wikipedia.org/w/index.php?title=User:MusikBot/FilterMonitor&oldid=748920629}}
}

@misc{Wikipedia:MusikBotStaleFilters,
  key =          "Wikipedia MusikBot StaleFilters",
  author =       {},
  title =        {Wikipedia: MusikBot StaleFilters Task},
  year =         2019,
  note =         {Retreived July 3, 2019 from
                    \url{https://en.wikipedia.org/w/index.php?title=User:MusikBot/StaleFilters&oldid=763698371}}
}

@misc{Wikipedia:PageProtection,
  key =          "Wikipedia Page Protection",
  author =       {},
  title =        {Wikipedia: Page Protection},
  year =         2019,
  note =         {Retreived April 11, 2019 from
                  \url{https://en.wikipedia.org/w/index.php?title=Wikipedia:Requests_for_page_protection&oldid=891912507}}
}

@misc{Wikipedia:PrivacyGeneralVandalism,
  key =          "Wikipedia Privacy of general vandalism filters",
  author =       {},
  title =        {Wikipedia: Privacy of general vandalism filters},
  year =         2019,
  note =         {Retreived July 17, 2019 from
                  \url{https://en.wikipedia.org/w/index.php?oldid=784131724#Privacy_of_general_vandalism_filters}}
}

@misc{Wikipedia:Rollback,
  key =          "Wikipedia Rollback",
  author =       {},
  title =        {Wikipedia: Rollback},
  year =         2019,
  note =         {Retreived July 5, 2019 from
                  \url{https://en.wikipedia.org/w/index.php?title=Wikipedia:Rollback&oldid=901761637}}
}

@misc{Wikipedia:STiki,
  key =          "Wikipedia STiki Tool",
  author =       {},
  title =        {Wikipedia: STiki Tool},
  year =         2019,
  note =         {Retreived March 31, 2019 from
                  \url{https://en.wikipedia.org/w/index.php?title=Wikipedia:STiki&oldid=879253675}}
}

@misc{Wikipedia:Twinkle,
  key =          "Wikipedia Twinkle Tool",
  author =       {},
  title =        {Wikipedia: Twinkle Tool},
  year =         2019,
  note =         {Retreived July 7, 2019 from
                    \url{https://en.wikipedia.org/w/index.php?title=Wikipedia:Twinkle&oldid=902956777}}
}

@misc{Wikipedia:UAA,
  key =          "Wikipedia UAA",
  author =       {},
  title =        {Wikipedia: Usernames for administrator attention},
  year =         2019,
  note =         {Retreived July 12, 2019 from
                   \url{https://en.wikipedia.org/w/index.php?title=Wikipedia:Usernames_for_administrator_attention&oldid=905957698}}
}

@misc{Wikipedia:Vandalism,
  key =          "Wikipedia Vandalism",
  author =       {},
  title =        {Wikipedia: Vandalism},
  year =         2019,
  note =         {Retreived March 26, 2019 from
                  \url{https://en.wikipedia.org/w/index.php?title=Wikipedia:Vandalism&oldid=886784937}}
}

@misc{Wikipedia:VandalismTypes,
  key =          "Wikipedia Vandalism Types",
  author =       {},
  title =        {Wikipedia: Vandalism Types},
  year =         2019,
  note =         {Retreived June 27, 2019 from
                  \url{https://en.wikipedia.org/w/index.php?title=Wikipedia:Vandalism_types&oldid=876716354}}
}

@misc{Wikipedia:XLinkBot,
  key =          "Wikipedia XLinkBot",
  author =       {},
  title =        {Wikipedia: XLinkBot},
  year =         2019,
  note =         {Retreived July 16, 2019 from
                  \url{https://en.wikipedia.org/w/index.php?title=User:XLinkBot&oldid=863906174}}
}
